@misc{gplv3,
    author       = {Free Software Foundation},
    title        = {{GNU} {G}eneral {P}ublic {L}icense},
    version      = {3},
	howpublished = {\url{http://www.gnu.org/licenses/gpl.html}},
    shorthand    = {GPL},
}

@misc{ruby-on-rails,
	author       = {David Heinemeier Hansson},
	title        = {Ruby on Rails},
	howpublished = {\url{https://rubyonrails.org/}}
}

@misc{django,
	author       = {Django Software Foundation},
	title        = {Django},
	howpublished = {\url{https://www.djangoproject.com/}}
}

@misc{laravel,
	author       = {Taylor Otwell},
	title        = {Laravel},
	howpublished = {\url{https://laravel.com/}}
}

@misc{angular,
	author       = {Google},
	title        = {Angular},
	howpublished = {\url{https://angular.io/}}
}

@misc{tailwind-css,
	author       = {TailwindCSS},
	title        = {TailwindCSS},
	howpublished = {\url{https://tailwindcss.com/}}
}

@misc{bootstrap,
	author       = {Bootstrap team},
	title        = {Bootstrap},
	howpublished = {\url{https://getbootstrap.com/}}
}

@misc{foundation,
	author       = {Foundation},
	title        = {Foundation},
	howpublished = {\url{https://get.foundation/}}
}

@misc{materialize-css,
	author       = {Materialize},
	title        = {MaterializeCSS},
	howpublished = {\url{https://materializecss.com/}}
}

@misc{mysql,
	author       = {Oracle Corporation},
	title        = {MySQL},
	howpublished = {\url{https://www.mysql.com/}}
}

@misc{sqlite,
	author       = {Dwayne Richard Hipp},
	title        = {SQLite},
	howpublished = {\url{https://www.sqlite.org/index.html}}
}

@misc{postgresql,
	author       = {Michael Stonebraker},
	title        = {PostgreSQL},
	howpublished = {\url{https://www.postgresql.org/}}
}
